@article{afgan2018galaxy,
  title={The Galaxy platform for accessible, reproducible and collaborative biomedical analyses: 2018 update},
  author={Afgan, Enis and Baker, Dannon and Batut, B{\'e}r{\'e}nice and Van Den Beek, Marius and Bouvier, Dave and {\v{C}}ech, Martin and Chilton, John and Clements, Dave and Coraor, Nate and Gr{\"u}ning, Bj{\"o}rn A and others},
  journal={Nucleic acids research},
  volume={46},
  number={W1},
  pages={W537--W544},
  year={2018},
  publisher={Oxford University Press}
}

@article{boers2018development,
  title={Development and evaluation of a culture-free microbiota profiling platform (MYcrobiota) for clinical diagnostics},
  author={Boers, Stefan A and Hiltemann, Saskia D and Stubbs, Andrew P and Jansen, Ruud and Hays, John P},
  journal={European Journal of Clinical Microbiology \& Infectious Diseases},
  volume={37},
  number={6},
  pages={1081--1089},
  year={2018},
  publisher={Springer}
}


@article{hiltemann2015discriminating,
  title={Discriminating somatic and germline mutations in tumor DNA samples without matching normals},
  author={Hiltemann, Saskia and Jenster, Guido and Trapman, Jan and van der Spek, Peter and Stubbs, Andrew},
  journal={Genome research},
  year={2015},
  publisher={Cold Spring Harbor Lab}
}

@article{moorhouse2014immunoglobulin,
  title={ImmunoGlobulin galaxy (IGGalaxy) for simple determination and quantitation of immunoglobulin heavy chain rearrangements from NGS},
  author={Moorhouse, Michael J and van Zessen, David and IJspeert, Hanna and Hiltemann, Saskia and Horsman, Sebastian and van der Spek, Peter J and van der Burg, Mirjam and Stubbs, Andrew P},
  journal={BMC immunology},
  volume={15},
  number={1},
  pages={59},
  year={2014},
  publisher={BioMed Central}
}

@article{alves2013gene,
  title={Gene fusions by chromothripsis of chromosome 5q in the VCaP prostate cancer cell line},
  author={Alves, In{\^e}s Teles and Hiltemann, Saskia and Hartjes, Thomas and van der Spek, Peter and Stubbs, Andrew and Trapman, Jan and Jenster, Guido},
  journal={Human genetics},
  volume={132},
  number={6},
  pages={709--713},
  year={2013},
  publisher={Springer}
}

@article{stubbs2012huvariome,
  title={Huvariome: a web server resource of whole genome next-generation sequencing allelic frequencies to aid in pathological candidate gene selection},
  author={Stubbs, Andrew and McClellan, Elizabeth A and Horsman, Sebastiaan and Hiltemann, Saskia D and Palli, Ivo and Nouwens, Stephan and Koning, Anton HJ and Hoogland, Frits and Reumers, Joke and Heijsman, Daphne and others},
  journal={Journal of clinical bioinformatics},
  volume={2},
  number={1},
  pages={19},
  year={2012},
  publisher={BioMed Central}
}

@article{alves2015next,
  title={Next-generation sequencing reveals novel rare fusion events with functional implication in prostate cancer},
  author={Alves, I Teles and Hartjes, Thomas and McClellan, Elizabeth and Hiltemann, Saskia and B{\"o}ttcher, Ren{\'e} and Dits, Natasja and Temanni, MR and Janssen, Bart and Van Workum, W and van der Spek, Peter and others},
  journal={Oncogene},
  volume={34},
  number={5},
  pages={568},
  year={2015},
  publisher={Nature Publishing Group}
}

@article{hiltemann2014cgtag,
  title={CGtag: complete genomics toolkit and annotation in a cloud-based Galaxy},
  author={Hiltemann, Saskia and Mei, Hailiang and de Hollander, Mattias and Palli, Ivo and van der Spek, Peter and Jenster, Guido and Stubbs, Andrew},
  journal={GigaScience},
  volume={3},
  number={1},
  pages={1},
  year={2014},
  publisher={BioMed Central}
}

@article{hiltemann2013ifuse,
  title={iFUSE: integrated fusion gene explorer},
  author={Hiltemann, Saskia and McClellan, Elizabeth A and van Nijnatten, Jos and Horsman, Sebastiaan and Palli, Ivo and Teles Alves, Ines and Hartjes, Thomas and Trapman, Jan and van der Spek, Peter and Jenster, Guido and others},
  journal={Bioinformatics},
  volume={29},
  number={13},
  pages={1700--1701},
  year={2013},
  publisher={Oxford University Press}
}

@article{hoogstrate2016integration,
  title={Integration of EGA secure data access into Galaxy},
  author={Hoogstrate, Youri and Zhang, Chao and Senf, Alexander and Bijlard, Jochem and Hiltemann, Saskia and van Enckevort, David and Repo, Susanna and Heringa, Jaap and Jenster, Guido and Fijneman, Remond JA and others},
  journal={F1000Research},
  volume={5},
  year={2016},
  publisher={Faculty of 1000 Ltd}
}

@article{hoogstrate2015fuma,
  title={FuMa: reporting overlap in RNA-seq detected fusion genes},
  author={Hoogstrate, Youri and B{\"o}ttcher, Ren{\'e} and Hiltemann, Saskia and van der Spek, Peter J and Jenster, Guido and Stubbs, Andrew P},
  journal={Bioinformatics},
  volume={32},
  number={8},
  pages={1226--1228},
  year={2015},
  publisher={Oxford University Press}
}

@article{hiltemann2014ireport,
  title={iReport: a generalised Galaxy solution for integrated experimental reporting},
  author={Hiltemann, Saskia and Hoogstrate, Youri and Van der Spek, Peter and Jenster, Guido and Stubbs, Andrew},
  journal={GigaScience},
  volume={3},
  number={1},
  pages={19},
  year={2014},
  publisher={BioMed Central}
}

@article{batut2018community,
  title={Community-driven data analysis training for biology},
  author={Batut, B{\'e}r{\'e}nice and Hiltemann, Saskia and Bagnacani, Andrea and Baker, Dannon and Bhardwaj, Vivek and Blank, Clemens and Bretaudeau, Anthony and Gu{\'e}guen, Loraine and {\v{C}}ech, Martin and Chilton, John and others},
  journal={BioRxiv},
  pages={225680},
  year={2018},
  publisher={Cold Spring Harbor Laboratory}
}

@article{zhang2017systematically,
  title={Systematically linking tranSMART, Galaxy and EGA for reusing human translational research data},
  author={Zhang, Chao and Bijlard, Jochem and Staiger, Christine and Scollen, Serena and van Enckevort, David and Hoogstrate, Youri and Senf, Alexander and Hiltemann, Saskia and Repo, Susanna and Pipping, Wibo and others},
  journal={F1000Research},
  volume={6},
  year={2017},
  publisher={Faculty of 1000 Ltd}
}

@article{dylan2016integration,
  title={Integration of EGA secure data access into Galaxy},
  author={Dylan, D and Hoogstrate, Youri and Chao, C and Alexander, A and Jochem, J and Hiltemann, Saskia and van Enckevort, David and Susanna, S and Jaap, J and Jenster, Guido and others},
  journal={F1000Research},
  volume={5},
  year={2016}
}

@article{batut2018asaim,
  title={ASaiM: a Galaxy-based framework to analyze microbiota data},
  author={Batut, B{\'e}r{\'e}nice and Gravouil, K{\'e}vin and Defois, Cl{\'e}mence and Hiltemann, Saskia and Brug{\`e}re, Jean-Fran{\c{c}}ois and Peyretaillade, Eric and Peyret, Pierre},
  journal={GigaScience},
  volume={7},
  number={6},
  pages={giy057},
  year={2018},
  publisher={Oxford University Press}
}


